@book{Fishel2023,
    Author = {Jonah Fishel},
    Publisher = {Media Lab Books},
    Title = {The Game Master's Handbook of Proactive Roleplaying},
    howpublished = {\url{https://www.goodreads.com/book/show/65212673-the-game-master-s-handbook-of-proactive-roleplaying}}
    Year = {2023}}